@article{evaluateBDL,
  title={Evaluating bayesian deep learning methods for semantic segmentation},
  author={Mukhoti, Jishnu and Gal, Yarin},
  journal={arXiv preprint arXiv:1811.12709},
  year={2018}}

@article{MODS,
  title={MODS—A USV-oriented object detection and obstacle segmentation benchmark},
  author={Bovcon, Borja and Muhovi{\v{c}}, Jon and Vranac, Du{\v{s}}ko and Mozeti{\v{c}}, Dean and Per{\v{s}}, Janez and Kristan, Matej},
  journal={IEEE Transactions on Intelligent Transportation Systems},
  volume={23},
  number={8},
  pages={13403--13418},
  year={2021},
  publisher={IEEE}}

@article{autodrive-mistake,
  title={Uncertainty in Graph Neural Networks: A Survey},
  author={Wang, Fangxin and Liu, Yuqing and Liu, Kay and Wang, Yibo and Medya, Sourav and Yu, Philip S},
  journal={arXiv preprint arXiv:2403.07185},
  year={2024}}

@misc{USAtoday,
  author={Jessica Guynn},
  title={Google Photos labeled black people ‘gorillas’},
  year={2015},
  howpublished={\url{https://eu.usatoday.com/story/tech/2015/07/01/google-apologizes-after-photos-identify-black-people-as-gorillas/29567465/}},
  note={USA Today}}

@article{USVshipping,
  title={Trends and challenges in unmanned surface vehicles (Usv): From survey to shipping},
  author={Barrera, Carlos and Padron, I and Luis, FS and Llinas, Octavio},
  journal={TransNav: International Journal on Marine Navigation and Safety of Sea Transportation},
  volume={15},
  year={2021}}

@article{USVenvmonitor,
  title={Marine environmental monitoring with unmanned vehicle platforms: Present applications and future prospects},
  author={Yuan, Shuyun and Li, Ying and Bao, Fangwen and Xu, Haoxiang and Yang, Yuping and Yan, Qiushi and Zhong, Shuqiao and Yin, Haoyang and Xu, Jiajun and Huang, Ziwei and others},
  journal={Science of The Total Environment},
  volume={858},
  pages={159741},
  year={2023},
  publisher={Elsevier}}

@inproceedings{USVseabedmap,
  title={An unmanned seafloor mapping system: The concept of an AUV integrated with the newly designed USV SEA-KIT},
  author={Zwolak, Karolina and Simpson, Benjamin and Anderson, Bob and Bazhenova, Evgenia and Falconer, Robin and Kearns, Timothy and Minami, Hiroki and Roperez, Jaya and Rosedee, Azmi and Sade, Hadar and others},
  booktitle={OCEANS 2017-Aberdeen},
  pages={1--6},
  year={2017},
  organization={IEEE}}

@article{USVbridgeinspection,
  title={Robot-assisted bridge inspection},
  author={Murphy, Robin R and Steimle, Eric and Hall, Michael and Lindemuth, Michael and Trejo, David and Hurlebaus, Stefan and Medina-Cetina, Zenon and Slocum, Daryl},
  journal={Journal of Intelligent \& Robotic Systems},
  volume={64},
  number={1},
  pages={77--95},
  year={2011},
  publisher={Springer}}

@article{AUV,
  title={Heterogeneous oceanographic exploration system based on USV and AUV: A survey of developments and challenges},
  author={Huixi, Xu and Jiang, Chenglin},
  year={2021},
  journal={Journal of University of Chinese Academy of Sciences},
  publisher={Journal of University of Chinese Academy of Sciences}}

@article{USVoverview,
  title = {Unmanned surface vehicles: An overview of developments and challenges},
  journal = {Annual Reviews in Control},
  volume = {41},
  pages = {71-93},
  year = {2016},
  issn = {1367-5788},
  doi = {https://doi.org/10.1016/j.arcontrol.2016.04.018},
  url = {https://www.sciencedirect.com/science/article/pii/S1367578816300219},
  author = {Zhixiang Liu and Youmin Zhang and Xiang Yu and Chi Yuan}}

@ARTICLE{lidarpointcloud,
  author={Li, Ying and Ma, Lingfei and Zhong, Zilong and Liu, Fei and Chapman, Michael A. and Cao, Dongpu and Li, Jonathan},
  journal={IEEE Transactions on Neural Networks and Learning Systems}, 
  title={Deep Learning for LiDAR Point Clouds in Autonomous Driving: A Review}, 
  year={2021},
  volume={32},
  number={8},
  pages={3412-3432},
  doi={10.1109/TNNLS.2020.3015992}}

@INPROCEEDINGS{perceptionmodule,
  author={Muresan, Mircea Paul and Nedevschi, Sergiu},
  booktitle={2019 IEEE 15th International Conference on Intelligent Computer Communication and Processing (ICCP)}, 
  title={Multi-Object Tracking of 3D Cuboids Using Aggregated Features}, 
  year={2019},
  pages={11-18},
  doi={10.1109/ICCP48234.2019.8959552}}

@article{SSsurvey,
  title = {A Brief Survey on Semantic Segmentation with Deep Learning},
  journal = {Neurocomputing},
  volume = {406},
  pages = {302-321},
  year = {2020},
  issn = {0925-2312},
  doi = {https://doi.org/10.1016/j.neucom.2019.11.118},
  url = {https://www.sciencedirect.com/science/article/pii/S0925231220305476},
  author = {Shijie Hao and Yuan Zhou and Yanrong Guo}}

@ARTICLE{autodrive2,
  author={Feng, Di and Haase-Schütz, Christian and Rosenbaum, Lars and Hertlein, Heinz and Gläser, Claudius and Timm, Fabian and Wiesbeck, Werner and Dietmayer, Klaus},
  journal={IEEE Transactions on Intelligent Transportation Systems}, 
  title={Deep Multi-Modal Object Detection and Semantic Segmentation for Autonomous Driving: Datasets, Methods, and Challenges}, 
  year={2021},
  volume={22},
  number={3},
  pages={1341-1360},
  doi={10.1109/TITS.2020.2972974}}

@INPROCEEDINGS{autodrive1,
  author={Siam, Mennatullah and Elkerdawy, Sara and Jagersand, Martin and Yogamani, Senthil},
  booktitle={2017 IEEE 20th International Conference on Intelligent Transportation Systems (ITSC)}, 
  title={Deep semantic segmentation for automated driving: Taxonomy, roadmap and challenges}, 
  year={2017},
  pages={1-8},
  doi={10.1109/ITSC.2017.8317714}}

@article{CamVid,
  title = {Semantic object classes in video: A high-definition ground truth database},
  journal = {Pattern Recognition Letters},
  volume = {30},
  number = {2},
  pages = {88-97},
  year = {2009},
  note = {Video-based Object and Event Analysis},
  issn = {0167-8655},
  doi = {https://doi.org/10.1016/j.patrec.2008.04.005},
  url = {https://www.sciencedirect.com/science/article/pii/S0167865508001220},
  author = {Gabriel J. Brostow and Julien Fauqueur and Roberto Cipolla}}

@inproceedings{Cityscapes,
  title={The cityscapes dataset},
  author={Cordts, Marius and Omran, Mohamed and Ramos, Sebastian and Scharw{\"a}chter, Timo and Enzweiler, Markus and Benenson, Rodrigo and Franke, Uwe and Roth, Stefan and Schiele, Bernt},
  booktitle={CVPR Workshop on the Future of Datasets in Vision},
  volume={2},
  pages={1},
  year={2015}}

@article{landsemanticdataset,
  title = {Methods and datasets on semantic segmentation: A review},
  journal = {Neurocomputing},
  volume = {304},
  pages = {82-103},
  year = {2018},
  issn = {0925-2312},
  doi = {https://doi.org/10.1016/j.neucom.2018.03.037},
  url = {https://www.sciencedirect.com/science/article/pii/S0925231218304077},
  author = {Hongshan Yu and Zhengeng Yang and Lei Tan and Yaonan Wang and Wei Sun and Mingui Sun and Yandong Tang}}

@inproceedings{MaSTr1325,
  title={The MaSTr1325 dataset for training deep USV obstacle detection models},
  author={Bovcon, Borja and Muhovi{\v{c}}, Jon and Per{\v{s}}, Janez and Kristan, Matej},
  booktitle={2019 IEEE/RSJ International Conference on Intelligent Robots and Systems (IROS)},
  year={2019},
  organization={IEEE}}

@article{OASIs,
  title={Introducing VaDA: Novel Image Segmentation Model for Maritime Object Segmentation Using New Dataset},
  author={Kim, Yongjin and Park, Jinbum and Kang, Sanha and Kim, Hanguen},
  journal={arXiv preprint arXiv:2407.09005},
  year={2024}}

@INPROCEEDINGS{Tamperedataset,
  author={Taipalmaa, Jussi and Passalis, Nikolaos and Zhang, Honglei and Gabbouj, Moncef and Raitoharju, Jenni},
  booktitle={2019 IEEE 29th International Workshop on Machine Learning for Signal Processing (MLSP)}, 
  title={High-Resolution Water Segmentation for Autonomous Unmanned Surface Vehicles: a Novel Dataset and Evaluation}, 
  year={2019},
  pages={1-6},
  doi={10.1109/MLSP.2019.8918694}}

@article{particlefilter,
  title={Evolution of ensemble data assimilation for uncertainty quantification using the particle filter-Markov chain Monte Carlo method},
  author={Moradkhani, Hamid and DeChant, Caleb M and Sorooshian, Soroosh},
  journal={Water Resources Research},
  volume={48},
  number={12},
  year={2012},
  publisher={Wiley Online Library}}

@article{whatuncertaintydoweneed,
  title={What uncertainties do we need in bayesian deep learning for computer vision?},
  author={Kendall, Alex and Gal, Yarin},
  journal={Advances in neural information processing systems},
  volume={30},
  year={2017}}

@inproceedings{resnet,
  title={Deep residual learning for image recognition},
  author={He, Kaiming and Zhang, Xiangyu and Ren, Shaoqing and Sun, Jian},
  booktitle={Proceedings of the IEEE conference on computer vision and pattern recognition},
  pages={770--778},
  year={2016}}

@article{overfitting,
  title = {Bayesian deep learning with hierarchical prior: Predictions from limited and noisy data},
  journal = {Structural Safety},
  volume = {84},
  pages = {101918},
  year = {2020},
  issn = {0167-4730},
  doi = {https://doi.org/10.1016/j.strusafe.2019.101918},
  url = {https://www.sciencedirect.com/science/article/pii/S0167473019303820},
  author = {Xihaier Luo and Ahsan Kareem}}

@article{VGG,
  title={Very deep convolutional networks for large-scale image recognition},
  author={Simonyan, Karen},
  journal={arXiv preprint arXiv:1409.1556},
  year={2014}}

@article{SegNet,
  title={Segnet: A deep convolutional encoder-decoder architecture for image segmentation},
  author={Badrinarayanan, Vijay and Kendall, Alex and Cipolla, Roberto},
  journal={IEEE transactions on pattern analysis and machine intelligence},
  volume={39},
  number={12},
  pages={2481--2495},
  year={2017},
  publisher={IEEE}}

@article{vggcompare,
  title = {A Brief Survey on Semantic Segmentation with Deep Learning},
  journal = {Neurocomputing},
  volume = {406},
  pages = {302-321},
  year = {2020},
  issn = {0925-2312},
  doi = {https://doi.org/10.1016/j.neucom.2019.11.118},
  url = {https://www.sciencedirect.com/science/article/pii/S0925231220305476},
  author = {Shijie Hao and Yuan Zhou and Yanrong Guo}}

@article{bayesiansegnet,
  title={Bayesian segnet: Model uncertainty in deep convolutional encoder-decoder architectures for scene understanding},
  author={Kendall, Alex and Badrinarayanan, Vijay and Cipolla, Roberto},
  journal={arXiv preprint arXiv:1511.02680},
  year={2015}}

@inproceedings{lightsensor1,
  title={A review of research on light visual perception of unmanned surface vehicles},
  author={Zhang, Wei and Yang, Chi-fu and Jiang, Feng and Gao, Xian-zhong and Yang, Kai},
  booktitle={Journal of Physics: Conference Series},
  volume={1606},
  pages={012022},
  year={2020},
  organization={IOP Publishing}}

@article{lightsensor2,
  title={Review on development trend of launch and recovery technology for USV},
  author={Xiaodong, ZHANG and Shiliang, LIU and Yu, LIU and Xiaofang, HU and Chao, GAO},
  journal={Chinese Journal of Ship Research},
  volume={13},
  number={6},
  pages={50--57},
  year={2018}}

@inproceedings{marineobjdetect1,
  title={Visual maritime attention using multiple low-level features and Naive Bayes classification},
  author={Albrecht, Thomas and West, Geoff AW and Tan, Tele and Ly, Thanh},
  booktitle={2011 International Conference on Digital Image Computing: Techniques and Applications},
  pages={243--249},
  year={2011},
  organization={IEEE}}

@inproceedings{marineobjdetect2,
  title={Vision-based maritime surveillance system using fused visual attention maps and online adaptable tracker},
  author={Makantasis, Konstantinos and Doulamis, Anastasios and Doulamis, Nikolaos},
  booktitle={2013 14th international workshop on image analysis for multimedia interactive services (WIAMIS)},
  pages={1--4},
  year={2013},
  organization={IEEE}}

@article{backsub,
  title={Object detection in a maritime environment: Performance evaluation of background subtraction methods},
  author={Prasad, Dilip K and Prasath, Chandrashekar Krishna and Rajan, Deepu and Rachmawati, Lily and Rajabally, Eshan and Quek, Chai},
  journal={IEEE Transactions on Intelligent Transportation Systems},
  volume={20},
  number={5},
  pages={1787--1802},
  year={2018},
  publisher={IEEE}}

@article{semisupervised,
  title={A survey on semi-supervised learning},
  author={Van Engelen, Jesper E and Hoos, Holger H},
  journal={Machine learning},
  volume={109},
  number={2},
  pages={373--440},
  year={2020},
  publisher={Springer}}

@inproceedings{PSPNet,
  title={Pyramid scene parsing network},
  author={Zhao, Hengshuang and Shi, Jianping and Qi, Xiaojuan and Wang, Xiaogang and Jia, Jiaya},
  booktitle={Proceedings of the IEEE conference on computer vision and pattern recognition},
  pages={2881--2890},
  year={2017}}

@inproceedings{Deeplab3+,
  title={Encoder-decoder with atrous separable convolution for semantic image segmentation},
  author={Chen, Liang-Chieh and Zhu, Yukun and Papandreou, George and Schroff, Florian and Adam, Hartwig},
  booktitle={Proceedings of the European conference on computer vision (ECCV)},
  pages={801--818},
  year={2018}}

@inproceedings{FCN,
  title={Fully convolutional networks for semantic segmentation},
  author={Long, Jonathan and Shelhamer, Evan and Darrell, Trevor},
  booktitle={Proceedings of the IEEE conference on computer vision and pattern recognition},
  pages={3431--3440},
  year={2015}}

@inproceedings{UNet,
  title={U-net: Convolutional networks for biomedical image segmentation},
  author={Ronneberger, Olaf and Fischer, Philipp and Brox, Thomas},
  booktitle={Medical image computing and computer-assisted intervention--MICCAI 2015: 18th international conference, Munich, Germany, October 5-9, 2015, proceedings, part III 18},
  pages={234--241},
  year={2015},
  organization={Springer}}

@article{MODD2,
  title={Stereo obstacle detection for unmanned surface vehicles by {IMU}-assisted semantic segmentation},
  author={Bovcon, Borja and Muhovi{\v{c}}, Jon and Per{\v{s}}, Janez and Kristan, Matej},
  journal={Robotics and Autonomous Systems},
  volume={104},
  pages={1--13},
  year={2018},
  publisher={Elsevier}}

@INPROCEEDINGS{pspnet-ugv,
  author={Sun, Hao and Ang, Marcelo H. and Rus, Daniela},
  booktitle={2019 IEEE/RSJ International Conference on Intelligent Robots and Systems (IROS)}, 
  title={A Convolutional Network for Joint Deraining and Dehazing from A Single Image for Autonomous Driving in Rain}, 
  year={2019},
  pages={962-969},
  doi={10.1109/IROS40897.2019.8967644}}

@article{pspnet-cad,
  title = {Coronary angiography image segmentation based on PSPNet},
  journal = {Computer Methods and Programs in Biomedicine},
  volume = {200},
  pages = {105897},
  year = {2021},
  issn = {0169-2607},
  doi = {https://doi.org/10.1016/j.cmpb.2020.105897},
  url = {https://www.sciencedirect.com/science/article/pii/S0169260720317302},
  author = {Xiliang Zhu and Zhaoyun Cheng and Sheng Wang and Xianjie Chen and Guoqing Lu}}

@article{pspnet-shoreline,
  title={Improved PSPNet-based water shoreline detection in complex inland river scenarios},
  author={Yin, Yuheng and Guo, Yangang and Deng, Liwei and Chai, Borong},
  journal={Complex \& Intelligent Systems},
  volume={9},
  number={1},
  pages={233--245},
  year={2023},
  publisher={Springer}}

@article{h-dense-unet,
  title={H-DenseUNet: hybrid densely connected UNet for liver and tumor segmentation from CT volumes},
  author={Li, Xiaomeng and Chen, Hao and Qi, Xiaojuan and Dou, Qi and Fu, Chi-Wing and Heng, Pheng-Ann},
  journal={IEEE transactions on medical imaging},
  volume={37},
  number={12},
  pages={2663--2674},
  year={2018},
  publisher={IEEE}}

@inproceedings{unet++,
  title={Unet++: A nested u-net architecture for medical image segmentation},
  author={Zhou, Zongwei and Rahman Siddiquee, Md Mahfuzur and Tajbakhsh, Nima and Liang, Jianming},
  booktitle={Deep Learning in Medical Image Analysis and Multimodal Learning for Clinical Decision Support: 4th International Workshop, DLMIA 2018, and 8th International Workshop, ML-CDS 2018, Held in Conjunction with MICCAI 2018, Granada, Spain, September 20, 2018, Proceedings 4},
  pages={3--11},
  year={2018},
  organization={Springer}}

@inproceedings{3dunet,
  title={3D U-Net: learning dense volumetric segmentation from sparse annotation},
  author={{\c{C}}i{\c{c}}ek, {\"O}zg{\"u}n and Abdulkadir, Ahmed and Lienkamp, Soeren S and Brox, Thomas and Ronneberger, Olaf},
  booktitle={Medical Image Computing and Computer-Assisted Intervention--MICCAI 2016: 19th International Conference, Athens, Greece, October 17-21, 2016, Proceedings, Part II 19},
  pages={424--432},
  year={2016},
  organization={Springer}}

@ARTICLE{unet-med-reveiw,
  author={Siddique, Nahian and Paheding, Sidike and Elkin, Colin P. and Devabhaktuni, Vijay},
  journal={IEEE Access}, 
  title={U-Net and Its Variants for Medical Image Segmentation: A Review of Theory and Applications}, 
  year={2021},
  volume={9},
  pages={82031-82057},
  doi={10.1109/ACCESS.2021.3086020}}

@INPROCEEDINGS{deeplabv3-ugv,
  author={Yurtkulu, Salih Can and Şahin, Yusuf Hüseyin and Unal, Gozde},
  booktitle={2019 27th Signal Processing and Communications Applications Conference (SIU)}, 
  title={Semantic Segmentation with Extended DeepLabv3 Architecture}, 
  year={2019},
  pages={1-4},
  doi={10.1109/SIU.2019.8806244}}

@INPROCEEDINGS{deeplabv3+-med,
  author="Azad, Reza and Asadi-Aghbolaghi, Maryam and Fathy, Mahmood and Escalera, Sergio",
  editor="Bartoli, Adrien and Fusiello, Andrea",
  title="Attention Deeplabv3+: Multi-level Context Attention Mechanism for Skin Lesion Segmentation",
  booktitle="Computer Vision -- ECCV 2020 Workshops",
  year="2020",
  publisher="Springer International Publishing",
  pages="251--266",
  isbn="978-3-030-66415-2"}

@article{segnet-crack,
  title = {Pavement crack detection and recognition using the architecture of segNet},
  journal = {Journal of Industrial Information Integration},
  volume = {18},
  pages = {100144},
  year = {2020},
  issn = {2452-414X},
  doi = {https://doi.org/10.1016/j.jii.2020.100144},
  url = {https://www.sciencedirect.com/science/article/pii/S2452414X20300194},
  author = {Tingyang Chen and Zhenhua Cai and Xi Zhao and Chen Chen and Xufeng Liang and Tierui Zou and Pan Wang}}

@article{segnet-med,
  title={COVID-19 lung CT image segmentation using deep learning methods: U-Net versus SegNet},
  author={Saood, Adnan and Hatem, Iyad},
  journal={BMC Medical Imaging},
  volume={21},
  pages={1--10},
  year={2021},
  publisher={Springer}}

@inproceedings{overconfident,
  title={On calibration of modern neural networks},
  author={Guo, Chuan and Pleiss, Geoff and Sun, Yu and Weinberger, Kilian Q},
  booktitle={International conference on machine learning},
  pages={1321--1330},
  year={2017},
  organization={PMLR}}

@ARTICLE{bnn-tutorial,
  author={Jospin, Laurent Valentin and Laga, Hamid and Boussaid, Farid and Buntine, Wray and Bennamoun, Mohammed},
  journal={IEEE Computational Intelligence Magazine}, 
  title={Hands-On Bayesian Neural Networks—A Tutorial for Deep Learning Users}, 
  year={2022},
  volume={17},
  number={2},
  pages={29-48},
  doi={10.1109/MCI.2022.3155327}}

@article{bdl-history,
  title={A survey on Bayesian deep learning},
  author={Wang, Hao and Yeung, Dit-Yan},
  journal={ACM computing surveys (csur)},
  volume={53},
  number={5},
  pages={1--37},
  year={2020},
  publisher={ACM New York, NY, USA}}

@book{MCMC,
  title={Monte Carlo sampling methods using Markov chains and their applications},
  author={Hastings, W Keith},
  year={1970},
  publisher={Oxford University Press}}

@article{VI,
  title={Variational inference: A review for statisticians},
  author={Blei, David M and Kucukelbir, Alp and McAuliffe, Jon D},
  journal={Journal of the American statistical Association},
  volume={112},
  number={518},
  pages={859--877},
  year={2017},
  publisher={Taylor \& Francis}}

@INPROCEEDINGS{shorelinenet,
  author={Yao, Linghong and Kanoulas, Dimitrios and Ji, Ze and Liu, Yuanchang},
  booktitle={2021 IEEE/RSJ International Conference on Intelligent Robots and Systems (IROS)}, 
  title={ShorelineNet: An Efficient Deep Learning Approach for Shoreline Semantic Segmentation for Unmanned Surface Vehicles}, 
  year={2021},
  pages={5403-5409},
  doi={10.1109/IROS51168.2021.9636614}}

@article{mcmc-bnn,
  title={Being Bayesian about network structure. A Bayesian approach to structure discovery in Bayesian networks},
  author={Friedman, Nir and Koller, Daphne},
  journal={Machine learning},
  volume={50},
  pages={95--125},
  year={2003},
  publisher={Springer}}

@article{sgmcmc,
  title={Stochastic gradient markov chain monte carlo},
  author={Nemeth, Christopher and Fearnhead, Paul},
  journal={Journal of the American Statistical Association},
  volume={116},
  number={533},
  pages={433--450},
  year={2021},
  publisher={Taylor \& Francis}}

@article{nuts,
  title={The No-U-Turn sampler: adaptively setting path lengths in Hamiltonian Monte Carlo.},
  author={Hoffman, Matthew D and Gelman, Andrew and others},
  journal={J. Mach. Learn. Res.},
  volume={15},
  number={1},
  pages={1593--1623},
  year={2014}}

@article{stan,
  title={Stan: A probabilistic programming language},
  author={Carpenter, Bob and Gelman, Andrew and Hoffman, Matthew D and Lee, Daniel and Goodrich, Ben and Betancourt, Michael and Brubaker, Marcus A and Guo, Jiqiang and Li, Peter and Riddell, Allen},
  journal={Journal of statistical software},
  volume={76},
  year={2017},
  publisher={NIH Public Access}}

@article{VIdropout,
  title={Bayesian convolutional neural networks with Bernoulli approximate variational inference},
  author={Gal, Yarin and Ghahramani, Zoubin},
  journal={arXiv preprint arXiv:1506.02158},
  year={2015}}

@inproceedings{sunrgbd,
  title={Sun rgb-d: A rgb-d scene understanding benchmark suite},
  author={Song, Shuran and Lichtenberg, Samuel P and Xiao, Jianxiong},
  booktitle={Proceedings of the IEEE conference on computer vision and pattern recognition},
  pages={567--576},
  year={2015}}

@article{marishipseg,
  title={An integrated ship segmentation method based on discriminator and extractor},
  author={Zhang, Wen and He, Xujie and Li, Wanyi and Zhang, Zhi and Luo, Yongkang and Su, Li and Wang, Peng},
  journal={Image and Vision Computing},
  volume={93},
  pages={103824},
  year={2020},
  publisher={Elsevier}}

@ARTICLE{foggy,
  author={Sun, Yuxin and Su, Li and Luo, Yongkang and Meng, Hao and Zhang, Zhi and Zhang, Wen and Yuan, Shouzheng},
  journal={IEEE Transactions on Circuits and Systems for Video Technology}, 
  title={IRDCLNet: Instance Segmentation of Ship Images Based on Interference Reduction and Dynamic Contour Learning in Foggy Scenes}, 
  year={2022},
  volume={32},
  number={9},
  pages={6029-6043},
  doi={10.1109/TCSVT.2022.3155182}}

@INPROCEEDINGS{tampere,
  author={Taipalmaa, Jussi and Passalis, Nikolaos and Zhang, Honglei and Gabbouj, Moncef and Raitoharju, Jenni},
  booktitle={2019 IEEE 29th International Workshop on Machine Learning for Signal Processing (MLSP)}, 
  title={High-Resolution Water Segmentation for Autonomous Unmanned Surface Vehicles: a Novel Dataset and Evaluation}, 
  year={2019},
  pages={1-6},
  doi={10.1109/MLSP.2019.8918694}}

@article{kldivergence,
  title={On information and sufficiency},
  author={Kullback, Solomon and Leibler, Richard A},
  journal={The annals of mathematical statistics},
  volume={22},
  number={1},
  pages={79--86},
  year={1951},
  publisher={JSTOR}}

@article{usvbenchmark,
  title={Fast image-based obstacle detection from unmanned surface vehicles},
  author={Kristan, Matej and Kenk, Vildana Suli{\'c} and Kova{\v{c}}i{\v{c}}, Stanislav and Per{\v{s}}, Janez},
  journal={IEEE transactions on cybernetics},
  volume={46},
  number={3},
  pages={641--654},
  year={2015},
  publisher={IEEE}}

@ARTICLE{WaSR,
  author={Bovcon, Borja and Kristan, Matej},
  journal={IEEE Transactions on Cybernetics}, 
  title={WaSR—A Water Segmentation and Refinement Maritime Obstacle Detection Network}, 
  year={2022},
  volume={52},
  number={12},
  pages={12661-12674},
  keywords={Semantic segmentation;Autonomous vehicles;Deep learning;Image segmentation;Feature extraction;Deep learning;obstacle detection;semantic segmentation;separation loss;unmanned surface vehicles (USVs)},
  doi={10.1109/TCYB.2021.3085856}}